<record><leader>00000cas a22000007a 4500</leader><controlfield tag="001">12395865</controlfield><controlfield tag="008">850817d18941922iauwr ne      0    0eng d</controlfield><datafield ind1=" " ind2=" " tag="010"><subfield code="a">sn 85050881 </subfield></datafield><datafield ind1=" " ind2=" " tag="040"><subfield code="a">INP</subfield><subfield code="b">eng</subfield><subfield code="c">INP</subfield><subfield code="d">OCLCQ</subfield></datafield><datafield ind1=" " ind2=" " tag="042"><subfield code="a">msc</subfield></datafield><datafield ind1="0" ind2=" " tag="130"><subfield code="a">Lisbon herald (Lisbon, Iowa)</subfield></datafield><datafield ind1="1" ind2="4" tag="245"><subfield code="a">The Lisbon herald.</subfield></datafield><datafield ind1=" " ind2=" " tag="260"><subfield code="a">Lisbon, Iowa :</subfield><subfield code="b">[W.F. Stahl],</subfield><subfield code="c">-1922.</subfield></datafield><datafield ind1=" " ind2=" " tag="300"><subfield code="a">v. :</subfield><subfield code="b">ill.</subfield></datafield><datafield ind1=" " ind2=" " tag="310"><subfield code="a">Weekly</subfield></datafield><datafield ind1="1" ind2=" " tag="362"><subfield code="a">Began in 1894.</subfield><subfield code="z">Cf. Bibl. of Iowa newspapers.</subfield></datafield><datafield ind1="0" ind2=" " tag="362"><subfield code="a">-v. 25, no. 10 (Dec. 14, 1922).</subfield></datafield><datafield ind1=" " ind2=" " tag="500"><subfield code="a">"A family newspaper devoted to pure literature, home interests, and general news."</subfield></datafield><datafield ind1=" " ind2=" " tag="500"><subfield code="a">Editors: S.A. Walton, Jan. 4-Dec. 27, 1895; W.F. Stahl, &lt;Nov. 28, 1907-July 10, 1913&gt;.</subfield></datafield><datafield ind1=" " ind2=" " tag="588"><subfield code="a">Description based on: Vol. 1, no. 23 (Jan 4, 1895).</subfield></datafield><datafield ind1=" " ind2=" " tag="752"><subfield code="a">United States</subfield><subfield code="b">Iowa</subfield><subfield code="c">Linn</subfield><subfield code="d">Lisbon.</subfield></datafield><datafield ind1="0" ind2="7" tag="785"><subfield code="t">Mount Vernon hawk-eye</subfield><subfield code="w">(DLC)sn 84027262</subfield></datafield><datafield ind1="0" ind2="7" tag="785"><subfield code="t">Mt. Vernon hawk-eye and Lisbon herald</subfield><subfield code="w">(DLC)sn 85049710</subfield></datafield></record>